  @Manual{,
    title = {R: A Language and Environment for Statistical Computing},
    author = {{R Core Team}},
    organization = {R Foundation for Statistical Computing},
    address = {Vienna, Austria},
    year = {2014},
    url = {http://www.R-project.org/},
  }
  
  @Manual{,
    title = {mlogit: multinomial logit model},
    author = {Yves Croissant},
    year = {2013},
    note = {R package version 0.2-4},
    url = {http://CRAN.R-project.org/package=mlogit},
  }
  